% Predefined strings
% Journals
@string{TON="IEEE/ACM ToN"}
@string{TOCS="ACM ToCS"}

% Conference
@string{IMC="ACM IMC"}
@string{SIGCOMM="ACM SIGCOMM"}
@string{NSDI="USENIX NSDI"}
@string{INFOCOM="IEEE INFOCOM"}

%%%%%%%%%%%%%%%%%%%%%%%%%%%%%%%%%%%%%%%%

@inproceedings{trumpet,
 author = {Moshref, Masoud and Yu, Minlan and Govindan, Ramesh and Vahdat, Amin},
 title = "{Trumpet: Timely and Precise Triggers in Data Centers}",
 booktitle = SIGCOMM,
 year = {2016},
}

% author = {Singh, Arjun and Ong, Joon and Agarwal, Amit and Anderson, Glen and Armistead, Ashby and Bannon, Roy and Boving, Seb and Desai, Gaurav and Felderman, Bob and Germano, Paulie and Kanagala, Anand and Provost, Jeff and Simmons, Jason and Tanda, Eiichi and Wanderer, Jim and H\"{o}lzle, Urs and Stuart, Stephen and Vahdat, Amin},
 @inproceedings{jupiter,
 author = {Singh, Arjun and others},
 title = "{Jupiter Rising: A Decade of Clos Topologies and Centralized Control in Google's Datacenter Network}",
 booktitle = SIGCOMM,
 year = {2015},
}

@inproceedings{40,
  title={DREAM: dynamic resource allocation for software-defined measurement},
  author={Moshref, Masoud and Yu, Minlan and Govindan, Ramesh and Vahdat, Amin},
  booktitle=SIGCOMM,
  year={2014},
}

@inproceedings{13,
  title={DevoFlow: scaling flow management for high-performance networks},
  author={Curtis, Andrew R and Mogul, Jeffrey C and Tourrilhes, Jean and Yalagandula, Praveen and Sharma, Puneet and Banerjee, Sujata},
  booktitle=SIGCOMM,
  year={2011},
}

@misc{prototype,
  title = "{PathDump prototype}",
  howpublished = {\url{https://github.com/PathDump}},
  year = {2016},
}

@misc{perftools,
  title = "{Perf-tools}",
  howpublished = {\url{https://github.com/brendangregg/perf-tools}},
  year = {2014},
}

@inproceedings{snap,
 author = {Yu, Minlan and Greenberg, Albert and Maltz, Dave and Rexford, Jennifer and Yuan, Lihua and Kandula, Srikanth and Kim, Changhoon},
 title = "{Profiling Network Performance for Multi-tier Data Center Applications}",
 booktitle = NSDI,
 year = {2011},
}

@inproceedings{ndb,
 author = {Handigol, Nikhil and Heller, Brandon and Jeyakumar, Vimalkumar and Mazi{\'e}res, David and McKeown, Nick},
 title = "{Where is the Debugger for My Software-defined Network?}",
 booktitle = {ACM HotSDN},
 year = {2012},
}

@inproceedings{pingmesh,
  title="{Pingmesh: A Large-Scale System for Data Center Network Latency Measurement and Analysis}",
  author={Guo, Chuanxiong and Yuan, Lihua and Xiang, Dong and Dang, Yingnong and Huang, Ray and Maltz, Dave and Liu, Zhaoyi and Wang, Vin and Pang, Bin and Chen, Hua and Lin, Zhi-Wei and Kurien, Varugis},
  booktitle=SIGCOMM,
  year={2015},
}

@inproceedings {flowradar,
author = {Yuliang Li and Rui Miao and Changhoon Kim and Minlan Yu},
title = "{FlowRadar: A Better NetFlow for Data Centers}",
booktitle = NSDI,
year = {2016},
}

@inproceedings{felix,
author = {Haoxian Chen and Nate Foster and Jake Silverman and Michael Whittaker and Brandon Zhang and Rene Zhang},
title = {Felix: Implementing Traffic Measurement on End Hosts Using Program Analysis},
booktitle = {ACM SIGCOMM SOSR},
year = {2016},
}

@inproceedings{blackholes,
  title={Detection and localization of network black holes},
  author={Kompella, Ramana Rao and Yates, Jennifer and Greenberg, Albert and Snoeren, Alex C},
  booktitle=INFOCOM,
  year={2007},
}



@inproceedings{simon,
 author = {Nelson, Tim and Yu, Da and Li, Yiming and Fonseca, Rodrigo and Krishnamurthi, Shriram},
 title = "{Simon: Scriptable Interactive Monitoring for SDNs}",
 booktitle = {ACM SIGCOMM SOSR},
 year = {2015},
} 

@misc{netflow,
  title = "{Sampled NetFlow}",
  howpublished = {\url{http://www.cisco.com/c/en/us/td/docs/ios/12_0s/feature/guide/12s_sanf.html}},
  year = {2003},
}

@inproceedings{pathquery,
 author = {Srinivas Narayana and Mina Tahmasbi and Jennifer Rexford and David Walker},
 title = "{Compiling Path Queries}",
 booktitle = NSDI,
 year = {2016},
} 

@inproceedings{incast,
 author = {Chen, Yanpei and Griffith, Rean and Liu, Junda and Katz, Randy H. and Joseph, Anthony D.},
 title = "{Understanding TCP Incast Throughput Collapse in Datacenter Networks}",
 booktitle = {ACM Workshop on Research on Enterprise Networking},
 year = {2009},
}

@inproceedings{imr,
 author = {Logothetis, Dionysios and Trezzo, Chris and Webb, Kevin C. and Yocum, Kenneth},
 title = "{In-situ MapReduce for Log Processing}",
 booktitle = {USENIX ATC},
 year = {2011},
}

% booktitle = {Proc. of the 36th Int'l Conf on Very Large Data Bases},
@inproceedings{dremel,
author  = {Sergey Melnik and Andrey Gubarev and Jing Jing Long and Geoffrey Romer and Shiva Shivakumar and Matt Tolton and Theo Vassilakis},
title = {Dremel: Interactive Analysis of Web-Scale Datasets},
booktitle = {VLDB},
year  = 2010,
}

@misc{dpdk,
  title = "{DPDK: Data Plane Development Kit}",
  howpublished = {\url{http://dpdk.org/}}
}

@misc{retrans,
 title = "{Linux ftrace TCP Retransmit Tracing}",
 howpublished = {\url{http://tinyurl.com/n5wmcmm}}
}

@misc{loadimb,
title = {Solving the mystery of link imbalance},
howpublished = {\url{http://tinyurl.com/m9vv4zj}}
}


@inproceedings{kandula,
 author = {Kandula, Srikanth and Sengupta, Sudipta and Greenberg, Albert and Patel, Parveen and Chaiken, Ronnie},
 title = "{The Nature of Data Center Traffic: Measurements \& Analysis}",
 booktitle = IMC,
 year = {2009},
}

@inproceedings{loadbalance,
 author = {Pearce, Olga and Gamblin, Todd and de Supinski, Bronis R. and Schulz, Martin and Amato, Nancy M.},
 title = "{Quantifying the Effectiveness of Load Balance Algorithms}",
 booktitle = {ACM ICS},
 year = {2012},
} 

@inproceedings {batfish,
author = {Ari Fogel and Stanley Fung and Luis Pedrosa and Meg Walraed-Sullivan and Ramesh Govindan and Ratul Mahajan and Todd Millstein},
title = "{A General Approach to Network Configuration Analysis}",
booktitle = NSDI,
year = {2015},
}

@inproceedings{netplumber,
 author = {Kazemian, Peyman and Chang, Michael and Zeng, Hongyi and Varghese, George and McKeown, Nick and Whyte, Scott},
 title = "{Real Time Network Policy Checking Using Header Space Analysis}",
 booktitle = NSDI,
 year = {2013},
}


@inproceedings{dctcp,
 author = {Alizadeh, Mohammad and Greenberg, Albert and Maltz, David A. and Padhye, Jitendra and Patel, Parveen and Prabhakar, Balaji and Sengupta, Sudipta and Sridharan, Murari},
 title = "{Data center TCP (DCTCP)}",
 booktitle = {ACM SIGCOMM},
 year = {2010},
}

@misc{azuredown,
  title = {Azure outage raises questions about public cloud for mission-critical apps},
  howpublished = {\url{http://tinyurl.com/no92ojy}}
}


% http://news.sky.com/story/1129847/google-outage-internet-traffic-plunges-40-percent
@misc{goutage,
  title = {Google Outage: Internet Traffic Plunges 40\%},
  howpublished = {\url{http://tinyurl.com/l7hegn6}}
}

%http://www.networkworld.com/article/2163191/cloud-computing/update--amazon-com-suffers-outage--nearly--5m-down-the-drain-.html
@misc{awsdown,
  title = {Amazon.com suffers outage: Nearly \$5M down the drain?},
  howpublished = {\url{http://tinyurl.com/od7vhm8}}
}

@misc{reddit,
  title = "{Amazon EBS failure brings down Reddit, Imgur, others}",
  howpublished = {\url{http://tinyurl.com/oxmugps}},
}

@inproceedings{benson,
 author = {Benson, Theophilus and Akella, Aditya and Maltz, David A.},
 title = "{Network Traffic Characteristics of Data Centers in the Wild}",
 booktitle = IMC,
 year = {2010},
}

@article{guided,
 author = {Abts, Dennis and Felderman, Bob},
 title = "{A Guided Tour Through Data-center Networking}",
 journal = {ACM Queue},
 volume = {10},
 number = {5},
 year = {2012},
 articleno = {10},
} 

@inproceedings{opensample,
  author = {Suh, Junho and Kwon, Ted Taekyoung and Dixon, Colin and Felter, Wes and Carter, John B.},
  title = "{OpenSample: A Low-Latency, Sampling-Based Measurement Platform for Commodity SDN}",
  booktitle = {IEEE ICDCS},
  year = 2014,
}

@inproceedings{opensketch,
 author = {Yu, Minlan and Jose, Lavanya and Miao, Rui},
 title = {Software defined traffic measurement with {OpenSketch}},
 booktitle = NSDI,
 year = {2013},
}

@inproceedings{everflow,
 author = {Zhu, Yibo and Kang, Nanxi and Cao, Jiaxin and Greenberg, Albert and Lu, Guohan and Mahajan, Ratul and Maltz, Dave and Yuan, Lihua and Zhang, Ming and Zhao, Ben Y. and Zheng, Haitao},
 title = "{Packet-Level Telemetry in Large Datacenter Networks}",
 booktitle = SIGCOMM,
 year = {2015},
} 

@inproceedings{detail,
 author = {Zats, David and Das, Tathagata and Mohan, Prashanth and Borthakur, Dhruba and Katz, Randy},
 title = "{DeTail: Reducing the Flow Completion Time Tail in Datacenter Networks}",
 booktitle = {ACM SIGCOMM},
 year = {2012},
} 

@misc{pypy,
  title = {{PyPy}},
  howpublished = {\url{http://pypy.org/}},
}

@misc{flask,
  title = {{Flask}},
  howpublished = {\url{http://flask.pocoo.org/}},
}

@misc{ryu,
  title = {{Ryu}},
  howpublished = {\url{http://osrg.github.io/ryu/}},

}

@inproceedings{pfabric,
  author = {Alizadeh, Mohammad and Yang, Shuang and Sharif, Milad and Katti, Sachin and McKeown, Nick and Prabhakar, Balaji and Shenker, Scott},
  title = {{pFabric}: minimal near-optimal datacenter transport},
  booktitle = {ACM SIGCOMM},
  year = {2013},
}

@inproceedings {pias,
  author = {Wei Bai and Kai Chen and Hao Wang and Li Chen and Dongsu Han and Chen Tian},
  title = "{Information-Agnostic Flow Scheduling for Commodity Data Centers}",
  booktitle = {USENIX NSDI},
  year = {2015},
}

@misc{mongodb,
  title = {{MongoDB}},
  howpublished = {\url{https://www.mongodb.org/}},
}

@inproceedings{cherrypick,
 author = {Praveen Tammana and Rachit Agarwal and Myungjin Lee},
 title = "{CherryPick: Tracing Packet Trajectory in Software-defined Datacenter Networks}",
 booktitle = {ACM SIGCOMM SOSR},
 year = {2015},
}

@inproceedings{vericon,
 author = {Ball, Thomas and Bj{\o}rner, Nikolaj and Gember, Aaron and Itzhaky, Shachar and Karbyshev, Aleksandr and Sagiv, Mooly and Schapira, Michael and Valadarsky, Asaf},
 title = "{VeriCon: Towards Verifying Controller Programs in Software-defined Networks}",
 booktitle = {ACM PLDI},
 year = {2014},
} 


@misc{ovs,
  title = {{Open vSwitch}},
  howpublished = {\url{http://openvswitch.org/}},
}

@inproceedings{mptcp,
 author = {Raiciu, Costin and Barre, Sebastien and Pluntke, Christopher and Greenhalgh, Adam and Wischik, Damon and Handley, Mark},
 title = "{Improving Datacenter Performance and Robustness with Multipath TCP}",
 booktitle = {ACM SIGCOMM},
 year = {2011},
} 


@inproceedings{spray,
  author = {Advait Dixit and Pawan Prakash and Y. Charlie Hu and Ramana Rao Kompella},
  title = "{On the Impact of Packet Spraying in Data Center Networks}",
  booktitle = {IEEE INFOCOM},
  year = 2013,
}

@inproceedings{gill,
 author = {Gill, Phillipa and Jain, Navendu and Nagappan, Nachiappan},
 title = "{Understanding Network Failures in Data Centers: Measurement, Analysis, and Implications}",
 booktitle = {ACM SIGCOMM},
 year = {2011},
}

@inproceedings{tpp,
 author = {Jeyakumar, Vimalkumar and Alizadeh, Mohammad and Geng, Yilong and Kim, Changhoon and Mazi\`{e}res, David},
 title = "{Millions of Little Minions: Using Packets for Low Latency Network Programming and Visibility}",
 booktitle = SIGCOMM,
 year = {2014},
} 


@inproceedings{matrix,
 author = {Zhang, Yin and Roughan, Matthew and Duffield, Nick and Greenberg, Albert},
 title = "{Fast Accurate Computation of Large-scale IP Traffic Matrices from Link Loads}",
 booktitle = {ACM SIGMETRICS},
 year = {2003},
}

@article{trajectory,
 author = {Duffield, N. G. and Grossglauser, Matthias},
 title = "{Trajectory Sampling for Direct Traffic Observation}",
 journal = TON,
 volume = {9},
 number = {3},
 year = {2001},
} 

@misc{response_time,
	title = {{Amazon - Every 100ms delay costs 1\% of sales}},
	howpublished = {\url{http://tinyurl.com/k635quz}}
}

@inproceedings{metamorphosis,
 author = {Bosshart, Pat and Gibb, Glen and Kim, Hun-Seok and Varghese, George and McKeown, Nick and Izzard, Martin and Mujica, Fernando and Horowitz, Mark},
 title = "{Forwarding Metamorphosis: Fast Programmable Match-action Processing in Hardware for SDN}",
 booktitle = SIGCOMM,
 year = {2013},
} 


@inproceedings{outcast,
 author = {Prakash, Pawan and Dixit, Advait and Hu, Y. Charlie and Kompella, Ramana},
 title = "{The TCP Outcast Problem: Exposing Unfairness in Data Center Networks}",
 booktitle = NSDI,
 year = {2012},
}

@inproceedings{vl2,
 author = {Greenberg, Albert and Hamilton, James R. and Jain, Navendu and Kandula, Srikanth and Kim, Changhoon and Lahiri, Parantap and Maltz, David A. and Patel, Parveen and Sengupta, Sudipta},
 title = "{VL2: A Scalable and Flexible Data Center Network}",
 booktitle = SIGCOMM,
 year = {2009},
} 


@inproceedings{planck,
 author = {Rasley, Jeff and Stephens, Brent and Dixon, Colin and Rozner, Eric and Felter, Wes and Agarwal, Kanak and Carter, John and Fonseca, Rodrigo},
 title = {Planck: Millisecond-scale Monitoring and Control for Commodity Networks},
 booktitle = SIGCOMM,
 year = {2014},
}

@misc{ofspec,
  author = "{Open Networking Foundation}",
  title = "{OpenFlow Switch Specification Version 1.4.0}",
  howpublished = {\url{http://tinyurl.com/kh6ef6s}},
 year = {2013},
}

@inproceedings{narayana14:pathquery,
 author = {Narayana, Srinivas and Rexford, Jennifer and Walker, David},
 title = "{Compiling Path Queries in Software-defined Networks}",
 booktitle = {ACM HotSDN},
 year = {2014},
} 


@misc{yaf,
  key       ="{YAF: Yet Another Flowmeter}",
  title       ="{YAF: Yet Another Flowmeter}",
  howpublished ="\url{http://tools.netsa.cert.org/yaf/}"
}


@inproceedings{yuan07:progme,
  author    = {Lihua Yuan and Chen-Nee Chuah and Prasant Mohapatra},
  title     = "{ProgME: towards programmable network measurement}",
  booktitle = SIGCOMM,
  year      = {2007},
}


@misc{quagga,
  key = "{Quagga Routing Suite}",
  title = "{Quagga Routing Suite}",
  howpublished = "{http://www.nongnu.org/ quagga/}"
}



%  author ="Eddie Kohler and Robert Morris and Benjie Chen and John Jannotti and M. Frans Kaashoek",
@article{kohler:click,
  author ="Eddie Kohler and others",
  title ="{The Click Modular Router}",
  journal = TOCS,
  volume = {18},
  number = {3},
  pages = {263-297},
  year = {2000}
}



% http://www.tiga.org/about-us-and-uk-games/uk-video-games-industry
@misc{uk_game_industry,
  key="{UK Video Games Industry}",
  title="{UK Video Games Industry}",
  howpublished="{http://www.tiga.org/ about-us-and-uk-games/uk-video-games-industry}"
}

% author = {Francis Cottet and Joelle Delacroix, Claude Kaiser, Zoubir Mammeri},
@book{cottet02:sched,
 author = {Francis Cottet and others},
 title = {Scheduling in Real-Time Systems},
 publisher = "John Wiley \& Sons, Ltd.",
 year = 2002,
}

% author = {Zander, Sebastian and Leeder, Ian and Armitage, Grenville},
@inproceedings{zander05:afm,
 author = {Zander, Sebastian and others},
 title = {Achieving fairness in multiplayer network games through automated latency balancing},
 booktitle = {International Conference on Advances in computer entertainment technology},
 year = {2005},
} 

@inproceedings{pathlet,
 author = {Zhang, Hui and Lumezanu, Cristian and Rhee, Junghwan and Arora, Nipun and Xu, Qiang and Jiang, Guofei},
 title = "{Enabling Layer 2 Pathlet Tracing Through Context Encoding in Software-defined Networking}",
 booktitle = {ACM HotSDN},
 year = {2014},
} 

@inproceedings{baatdaat,
  author={Tso, Fung Po and Hamilton, Gregg and Weber, Rene and Perkins, Colin S and Pezaros, Dimitrios P},
  title="{Longer is better: exploiting path diversity in data center networks}",
  booktitle= {IEEE ICDCS},
  year={2013},
}

@inproceedings{DIBS,
 author = {Zarifis, Kyriakos and Miao, Rui and Calder, Matt and Katz-Bassett, Ethan and Yu, Minlan and Padhye, Jitendra},
 title = "{DIBS: Just-in-time Congestion Mitigation for Data Centers}",
 booktitle = {ACM EuroSys},
 year = {2014},
} 

@inproceedings{fattree,
 author = {Al-Fares, Mohammad and Loukissas, Alexander and Vahdat, Amin},
 title = "{A Scalable, Commodity Data Center Network Architecture}",
 booktitle = SIGCOMM,
 year = {2008},
}

@inproceedings{traceroute,
 author = {Agarwal, Kanak and Rozner, Eric and Dixon, Colin and Carter, John},
 title = "{SDN Traceroute: Tracing SDN Forwarding Without Changing Network Behavior}",
 booktitle = {ACM HotSDN},
 year = {2014},
 }
 
@article{atpg,
  author={Hongyi Zeng and Kazemian, P. and Varghese, G. and McKeown, N.},
  title="{Automatic Test Packet Generation}",
  journal = TON,
  volume = {22},
  number = {2},
  pages = {554-566},
  year={2014},
}

@inproceedings {veriflow,
author = {Ahmed Khurshid and Xuan Zou and Wenxuan Zhou and Matthew Caesar and P. Brighten Godfrey},
title = "{VeriFlow: Verifying Network-Wide Invariants in Real Time}",
booktitle = NSDI,
year={2013},
}

@inproceedings {hsa,
author = {Peyman Kazemian and George Varghese and Nick McKeown},
title = "{Header Space Analysis: Static Checking for Networks}",
booktitle = NSDI, 
year= {2012},
}

@inproceedings{iptraceback,
author = {Savage, Stefan and Wetherall, David and Karlin, Anna and Anderson, Tom},
title = "{Practical Network Support for IP Traceback}",
booktitle = SIGCOMM,
year = {2000},
} 


@article{coding,
  author = {Drew Dean and Matt Franklin and Adam Stubblefield},
  title = "{An algebraic approach to IP traceback}",
  journal = {ACM Transactions on Information and System Security},
  volume = {5},
  number = {2},
  pages = {119-137},
  year = {2002}
}


@inproceedings {netsight,
author = {Nikhil Handigol and Brandon Heller and Vimalkumar Jeyakumar and David Mazi{\`e}res and Nick McKeown},
title = "{I Know What Your Packet Did Last Hop: Using Packet Histories to Troubleshoot Networks}",
booktitle = NSDI,
year = {2014},
}
 
@inproceedings{anteater,
 author = {Mai, Haohui and Khurshid, Ahmed and Agarwal, Rachit and Caesar, Matthew and Godfrey, P. Brighten and King, Samuel Talmadge},
 title = "{Debugging the Data Plane with Anteater}",
 booktitle = SIGCOMM,
 year = {2011},
} 

@inproceedings{linkfail1,
 author = {Nelakuditi, Srihari and Lee, Sanghwan and Yu, Yinzhe and Zhang, Zhi-Li and Chuah, Chen-Nee},
 title = {Fast Local Rerouting for Handling Transient Link Failures},
 booktitle = TON,
 year = {2007},
} 

@inproceedings{linkfail2,
author={Baohua Yang and Junda Liu and Shenker, S. and Jun Li and Kai Zheng},
title={Keep Forwarding: Towards k-link failure resilient routing},
booktitle= {IEEE INFOCOM},
year = {2014},
}

@article{linkfail3,
  author    = {Marco Chiesa and
               Ilya Nikolaevskiy and
               Aurojit Panda and
               Andrei Gurtov and
               Michael Schapira and
               Scott Shenker},
  title     = "{Exploring the Limits of Static Failover Routing}",
  journal   = {CoRR},
  volume    = {abs/1409.0034},
  archivePrefix = "arXiv",
  eprint = {0902.0885},
  year      = {2014},
}

@inproceedings {NICE,
author = {Marco Canini and Daniele Venzano and Peter Pere{\v s}{\'\i}ni and Dejan Kosti{\'c} and Jennifer Rexford},
title = "{A NICE Way to Test OpenFlow Applications}",
booktitle = NSDI,
year = {2012},
}

@inproceedings{SOFT,
 author = {Kuzniar, Maciej and Peresini, Peter and Canini, Marco and Venzano, Daniele and Kostic, Dejan},
 title = "{A SOFT Way for Openflow Switch Interoperability Testing}",
 booktitle = {ACM CoNEXT},
 year = {2012},
} 

@inproceedings{ofrewind,
 author = {Wundsam, Andreas and Levin, Dan and Seetharaman, Srini and Feldmann, Anja},
 title = "{OFRewind: Enabling Record and Replay Troubleshooting for Networks}",
 booktitle = {USENIX ATC},
 year = {2011},
} 

@article{edge-color-alg,
  author    = {Richard Cole and
               Kirstin Ost and
               Stefan Schirra},
  title     = "{Edge-Coloring Bipartite Multigraphs in {O(E} log {D)} Time}",
  journal   = {Combinatorica},
  volume    = {21},
  number    = {1},
  year      = {2001},
}
